@article{theory,
  author={C. Contreras Aburto and G.Naegel},
  journal={J. Chem. Phys.},
  volume={139},
  number={134109}
  year={2013},
}

